<?xml version="1.0" encoding="UTF-8"?><collection xmlns="http://www.loc.gov/MARC21/slim"><record><leader>00338nam--2200109-i-4500</leader><controlfield tag="001">000027972</controlfield><controlfield tag="002">20161230</controlfield><controlfield tag="005">20161230201037</controlfield><controlfield tag="008">060222s1000------------r-----000-0-eng-d</controlfield><datafield ind1=" " ind2=" " tag="245"><subfield code="a">Legal series. nr.3: agreements registered with the international atomic energy agency</subfield></datafield><datafield ind1=" " ind2=" " tag="260"><subfield code="a">Vienna, Intrenational Atomic Energy Agency, 1959</subfield></datafield><datafield ind1=" " ind2=" " tag="852"><subfield code="a">24340</subfield></datafield></record></collection>